<record><leader>00000cas a22000007a 4500</leader><controlfield tag="001">12499433</controlfield><controlfield tag="008">850906d19131918wiuwr ne      0    0eng d</controlfield><datafield ind1=" " ind2=" " tag="010"><subfield code="a">sn 85041144 </subfield></datafield><datafield ind1=" " ind2=" " tag="040"><subfield code="a">NPV</subfield><subfield code="b">eng</subfield><subfield code="c">NPV</subfield><subfield code="d">OCLCQ</subfield></datafield><datafield ind1=" " ind2=" " tag="042"><subfield code="a">msc</subfield></datafield><datafield ind1="0" ind2="4" tag="245"><subfield code="a">The Algoma herald.</subfield></datafield><datafield ind1=" " ind2=" " tag="260"><subfield code="a">Algoma, Wis. :</subfield><subfield code="b">Herald Printing,</subfield><subfield code="c">1913-1918.</subfield></datafield><datafield ind1=" " ind2=" " tag="300"><subfield code="a">v.</subfield></datafield><datafield ind1=" " ind2=" " tag="310"><subfield code="a">Weekly</subfield></datafield><datafield ind1="0" ind2=" " tag="362"><subfield code="a">First year, no. 1 (Nov. 20, 1913)-</subfield></datafield><datafield ind1="1" ind2=" " tag="362"><subfield code="a">Ceased with Feb. 1, 1918 issue?</subfield></datafield><datafield ind1=" " ind2=" " tag="500"><subfield code="a">Publisher varies.</subfield></datafield><datafield ind1=" " ind2=" " tag="752"><subfield code="a">United States</subfield><subfield code="b">Wisconsin</subfield><subfield code="c">Kewaunee</subfield><subfield code="d">Algoma.</subfield></datafield><datafield ind1="0" ind2="7" tag="785"><subfield code="t">Algoma record</subfield><subfield code="w">(DLC)sn 86086052</subfield></datafield><datafield ind1="0" ind2="7" tag="785"><subfield code="t">Algoma record-herald</subfield><subfield code="w">(DLC)sn 86086051</subfield></datafield></record>